@online{GTZANDatasetMusic,
  title = {{{GTZAN Dataset}}},
  url = {https://www.kaggle.com/datasets/andradaolteanu/gtzan-dataset-music-genre-classification},
  abstract = {Audio Files | Mel Spectrograms | CSV with extracted features},
  langid = {english}
}

@online{31CrossvalidationEvaluating,
  title = {{{Cross-validation}}: Evaluating Estimator Performance},
  shorttitle = {3.1. {{Cross-validation}}},
  url = {https://scikit-learn.org/stable/modules/cross_validation.html},
  abstract = {Learning the parameters of a prediction function and testing it on the same data is a methodological mistake: a model that would just repeat the labels of the samples that it has just seen would ha...},
  langid = {english},
  organization = {scikit-learn}
}
